<?xml version="1.0" encoding="utf-8"?>
<record xmlns="http://www.loc.gov/MARC21/slim" xmlns:xsi="http://www.w3.org/2001/XMLSchema-instance" xsi:schemaLocation="http://www.loc.gov/MARC21/slim http://www.loc.gov/standards/marcxml/schema/MARC21slim.xsd">
	<leader>     nam a22     Mi 4500</leader>
	<controlfield tag="001">b13703857</controlfield>
	<controlfield tag="003">UaCaAUL</controlfield>
	<controlfield tag="006">m        d        </controlfield>
	<controlfield tag="007">cr cn |||m|||a</controlfield>
	<controlfield tag="008">190222m19351956iq f    ob    001 0 ara  </controlfield>
	<datafield ind1=" " ind2=" " tag="040">
		<subfield code="a">ZYU</subfield>
		<subfield code="b">ara</subfield>
		<subfield code="e">rda</subfield>
		<subfield code="c">ZYU</subfield>
	</datafield>
	<datafield ind1="0" ind2=" " tag="041">
		<subfield code="a">ara</subfield>
		<subfield code="a">fre</subfield>
	</datafield>
	<datafield ind1=" " ind2=" " tag="043">
		<subfield code="a">a-iq---</subfield>
	</datafield>
	<datafield ind1="0" ind2="0" tag="050">
		<subfield code="a">DS77</subfield>
		<subfield code="b">.A9</subfield>
	</datafield>
	<datafield ind1="1" ind2=" " tag="100">
		<subfield code="6">880-01</subfield>
		<subfield code="a">ʻAzzāwī, ʻAbbās.</subfield>
	</datafield>
	<datafield ind1="1" ind2="0" tag="245">
		<subfield code="6">880-02</subfield>
		<subfield code="a">Tārīkh al-ʻIrāq bayna iḥtilālayn /</subfield>
		<subfield code="c">al-muḥāmī ʻAbbās al-ʻAzzāwī =</subfield>
		<subfield code="b">Histoire de l'Irâq entre deux occupations / par Mre Abbas Azzaoui.</subfield>
	</datafield>
	<datafield ind1="3" ind2="1" tag="246">
		<subfield code="a">Histoire de l'Irâq entre deux occupations</subfield>
	</datafield>
	<datafield ind1=" " ind2="1" tag="264">
		<subfield code="6">880-03</subfield>
		<subfield code="a">Baghdād :</subfield>
		<subfield code="b">Maṭbaʻat Baghdād,</subfield>
		<subfield code="c">1353, 1935-1376, 1956.</subfield>
	</datafield>
	<datafield ind1=" " ind2=" " tag="300">
		<subfield code="a">online resource (8 volumes (3378 pages, 110 leaves of plates, 3 unnumbered leaves of plates))</subfield>
	</datafield>
	<datafield ind1=" " ind2=" " tag="336">
		<subfield code="a">text</subfield>
		<subfield code="2">rdacontent</subfield>
	</datafield>
	<datafield ind1=" " ind2=" " tag="337">
		<subfield code="a">computer</subfield>
		<subfield code="2">rdamedia</subfield>
	</datafield>
	<datafield ind1=" " ind2=" " tag="338">
		<subfield code="a">online resource</subfield>
		<subfield code="2">rdacarrier</subfield>
	</datafield>
	<datafield ind1=" " ind2=" " tag="500">
		<subfield code="6">880-04</subfield>
		<subfield code="a">Volumes 2, 3 : al-Ṭabʻah al-ūlá.</subfield>
	</datafield>
	<datafield ind1=" " ind2=" " tag="500">
		<subfield code="6">880-05</subfield>
		<subfield code="a">Ḥuqūq al-ṭabʻ maḥfūẓah.</subfield>
	</datafield>
	<datafield ind1=" " ind2=" " tag="500">
		<subfield code="a">Includes errata pages.</subfield>
	</datafield>
	<datafield ind1=" " ind2=" " tag="500">
		<subfield code="6">880-06</subfield>
		<subfield code="a">Volumes 6-8: Sāʻadat Wazārat al-Maʻārif ʻalá nashr hādhā al-kitāb.</subfield>
	</datafield>
	<datafield ind1=" " ind2=" " tag="500">
		<subfield code="6">880-07</subfield>
		<subfield code="a">Volumes 4-8: Ṭabʻ Sharikat al-Tijārah wa-al-Ṭibāʻah al-Maḥdūdah.</subfield>
	</datafield>
	<datafield ind1=" " ind2=" " tag="500">
		<subfield code="a">Part of the Arabic Collections Online (ACO) project, contributed by American University in Cairo Library.</subfield>
	</datafield>
	<datafield ind1=" " ind2=" " tag="504">
		<subfield code="a">Includes bibliographical references and indexes.</subfield>
	</datafield>
	<datafield ind1="1" ind2=" " tag="505">
		<subfield code="6">880-08</subfield>
		<subfield code="a">(1) Ḥukūmat al-Maghūl, 656 H., 1258 M.-738 H., 1338 M. -- (2) Ḥukūmat al-Jalāyarīyah, min sanat 739 H.,1338 M. ilá sanat 814 H., 1411 M. -- (3) al-Ḥukūmah al-Turkumānīyah, 814 H., 1338 M.-941 H., 1534 M. -- (4) al-ʻAhd al-ʻUthmānī al-awwal, 941 H., 1534 M.-1048 H., 1638 M. yatanāwal al-waqāʼiʻ al-tārīkhīyah, wa-al-ṣilāt bayna al-aqṭār, wa-al-tashkīlāt al-idārīyah, wa-al-thaqāfah al-ʻāmmah, wa-yalīhi mulḥaq fī al-mustadrakāt wa-al-taʻlīqāt. -- (5) al-ʻAhd al-ʻUthmānī al-thānī, 1049 H., 1639 M.-1163 H., 1750 M. yatanāwal al-ḥawādith al-tārīkhīyah, wa-al-ṣilāt bayna al-aqṭār, wa-al-tashkīlāt al-idārīyah, wa-al-thaqāfah al-ʻāmmah, wa-al-ḥālāt al-ijtimāʻīyah, wa-yalīhi mulḥaq fī al-mustadrakāt wa-al-taʻlīqāt maʻa fahāris ʻadīdah. -- (6) Ḥukūmat al-Mamālīk, min sanat 1162 H., 1749 M. ilá sanat 1247 H., 1831 M. yatanāwal al-ḥawādith al-tārīkhīyah, wa-al-ṣilāt bayna al-aqṭār, wa-al-tashkīlāt al-idārīyah, wa-al-thaqāfah al-ʻāmmah, wa-al-ḥālāt al-ijtimāʻīyah, wa-yalīhi mulḥaq fī al-mustadrakāt wa-al-taʻlīqāt maʻa fahāris ʻadīdah. -- (7) al-ʻAhd al-ʻUthmānī al-thālith, min sanat 1247 H., 1831 M. ilá sanat 1289 H., 1872 M. yataḍamman al-shaṭr al-awwal min tārīkhinā al-ḥadīth min bidʼ Wizārat ʻAlī Riḍā Bāshā al-Lāz ilá ākhir ayyām Midḥat Bāshā, wa-fīhi waqāʼiʻ tārīkhīyah, wa-siyāsīyah dākhilīyah, wa-ṣilāt khārijīyah, wa-aḥwāl thaqāfīyah, wa-fī ākhirihi mustadrakāt wa-taʻlīqāt maʻa fahāris ʻadīdah. -- (8) al-ʻAhd al-ʻUthmānī al-akhīr, min sanat 1289 H., 1872 M.-1335 H., 1917 M. yataḍamman al-shaṭr al-thānī min tārīkhinā al-ḥadīth wa-fīhi min al-ḥawādith al-tārīkhīyah limā baʻda Midḥat Bāshā, wa-bayān al-ʻilāqāt bi-al-mujāwirīn wa-bi-al-thaqāfah wa-fīhi min al-waqāʼiʻ al-siyāsīyah iʻlān al-dustūr wa-al-ḥarb al-ʻāmmah al-ūlá ḥattá iḥtilāl Baghdād, wa-yalīhi taʻlīqāt wa-istidrākāt maʻa fahāris ʻadīdah.</subfield>
	</datafield>
	<datafield ind1=" " ind2=" " tag="533">
		<subfield code="a">Electronic reproduction.</subfield>
		<subfield code="b">New York, N.Y. :</subfield>
		<subfield code="c">New York University,</subfield>
		<subfield code="d">2019.</subfield>
		<subfield code="5">NNU</subfield>
	</datafield>
	<datafield ind1=" " ind2="0" tag="651">
		<subfield code="a">Iraq</subfield>
		<subfield code="x">History.</subfield>
	</datafield>
	<datafield ind1=" " ind2="7" tag="651">
		<subfield code="a">Iraq.</subfield>
		<subfield code="2">fast</subfield>
		<subfield code="0">(OCoLC)fst01205757</subfield>
	</datafield>
	<datafield ind1=" " ind2="7" tag="655">
		<subfield code="a">History.</subfield>
		<subfield code="2">fast</subfield>
		<subfield code="0">(OCoLC)fst01411628</subfield>
	</datafield>
	<datafield ind1="2" ind2=" " tag="710">
		<subfield code="a">American University in Cairo.</subfield>
		<subfield code="b">Library.</subfield>
	</datafield>
	<datafield ind1="0" ind2=" " tag="730">
		<subfield code="a">Arabic Collections Online.</subfield>
	</datafield>
	<datafield ind1="0" ind2="8" tag="776">
		<subfield code="i">Online version:</subfield>
		<subfield code="a">ʻAzzāwī, ʻAbbās.</subfield>
		<subfield code="t">Tārīkh al-ʻIrāq bayna iḥtilālayn.</subfield>
		<subfield code="d">[Baghdād] Maṭbaʻat Baghdād, 1353-1376/1935-1956</subfield>
		<subfield code="w">(OCoLC)555193220</subfield>
	</datafield>
	<datafield ind1="0" ind2="8" tag="776">
		<subfield code="i">Online version:</subfield>
		<subfield code="a">ʻAzzāwī, ʻAbbās.</subfield>
		<subfield code="t">Tārīkh al-ʻIrāq bayna iḥtilālayn.</subfield>
		<subfield code="d">[Baghdād] Maṭbaʻat Baghdād, 1353-1376/1935-1956</subfield>
		<subfield code="w">(OCoLC)608543875</subfield>
	</datafield>
	<datafield ind1="0" ind2="8" tag="776">
		<subfield code="i">Print version:</subfield>
		<subfield code="a">ʻAzzāwī, ʻAbbās.</subfield>
		<subfield code="t">Tārīkh al-ʻIrāq bayna iḥtilālayn</subfield>
		<subfield code="w">(UaCaAUL)b13703857</subfield>
		<subfield code="w">(DLC)   61020358 </subfield>
		<subfield code="w">(OCoLC)14348582</subfield>
	</datafield>
	<datafield ind1="4" ind2="0" tag="856">
		<subfield code="u">http://hdl.handle.net/2333.1/4b8gtrv9</subfield>
	</datafield>
	<datafield ind1="1" ind2=" " tag="880">
		<subfield code="6">100-01</subfield>
		<subfield code="a">عزاوي ،عباس.</subfield>
	</datafield>
	<datafield ind1="1" ind2="0" tag="880">
		<subfield code="6">245-02</subfield>
		<subfield code="a">تاريخ العراق بين احتلالين /</subfield>
		<subfield code="c">المحامي عباس العزاوي.</subfield>
	</datafield>
	<datafield ind1=" " ind2="1" tag="880">
		<subfield code="6">264-03</subfield>
		<subfield code="a">بغداد :</subfield>
		<subfield code="b">مطبعة بغداد،</subfield>
		<subfield code="c">1353، 1935-1376، 1956.</subfield>
	</datafield>
	<datafield ind1=" " ind2=" " tag="880">
		<subfield code="6">500-04</subfield>
		<subfield code="a">Volumes 2، 3 : الطبعة الأولى.</subfield>
	</datafield>
	<datafield ind1=" " ind2=" " tag="880">
		<subfield code="6">500-05</subfield>
		<subfield code="a">حقوق الطبع محفوظة.</subfield>
	</datafield>
	<datafield ind1=" " ind2=" " tag="880">
		<subfield code="6">500-06</subfield>
		<subfield code="a">Volumes 6-8: ساعدت وزارة المعارف على نشر هذه الكتاب.</subfield>
	</datafield>
	<datafield ind1=" " ind2=" " tag="880">
		<subfield code="6">500-07</subfield>
		<subfield code="a">Volumes 4-8: طبع شركة التجارة والطباعة المحدودة.</subfield>
	</datafield>
	<datafield ind1="1" ind2=" " tag="880">
		<subfield code="6">505-08</subfield>
		<subfield code="a">(1) حكومة المغول، 656 ه.، 1258 م.-738 ه.، 1338 م. -- (2) حكومة الجلايرية، من سنة 739 ه.،1338 م. الى سنة 814 ه.، 1411 م. -- (3) الحكومة التركمانية، 814 ه.، 1338 م.-941 ه.، 1534 م. -- (4) العهد العثماني الأول، 941 ه.، 1534 م.-1048 ه.، 1638 م. يتناول الوقائع التاريخية، والصلات بين الاقطار، والتشكيلات الادارية، والثقافة العامة، ويليه ملحق في المستدركات والتعليقات. -- (5) العهد العثماني الثاني، 1049 ه.، 1639 م.-1163 ه.، 1750 م. يتناول الحوادث التاريخية، والصلات بين الاقطار، والتشكيلات الادارية، والثقافة العامة، والحالات الاجتماعية، ويليه ملحق في المستدركات والتعليقات مع فهارس عديدة. -- (6) حكومة المماليك، من سنة 1162 ه.، 1749 م. الى سنة 1247 ه.، 1831 م. يتناول الحوادث التاريخية، والصلات بين الأقطار، والتشكيلات الادارية، والثقافة العامة، والحالات الاجتماعية، ويليه ملحق في المستدركات والتعليقات مع فهارس عديدة. -- (7) العهد العثماني الثالث، من سنة 1247 ه.، 1831 م. الى سنة 1289 ه.، 1872 م. يتضمن الشطر الأول من تاريخنا الحديث من بدء وزارة علي رضا باشا اللاز الى آخر ايام مدحت باشا، وفيه وقائع تاريخية، وسياسية داخلية، وصلات خارجية، واحوال ثقافية، وفي آخره مستدركات وتعليقات مع فهارس عديدة. -- (8) العهد العثماني الأخير، من سنة 1289 ه.، 1872 م.-1335 ه.، 1917 م. يتضمن الشطر الثاني من تاريخنا الحديث وفيه من الحوادث التاريخية لما بعد مدحت باشا، وبيان العلاقات بالمجاورين وبالثقافة وفيه من الوقائع السياسية اعلان الدستور والحرب العامة الأولى حتى احتلال بغداد، ويليه تعليقات واستدراكات مع فهارس عديدة.</subfield>
	</datafield>
	<datafield ind1=" " ind2=" " tag="959">
		<subfield code="a">NNU</subfield>
		<subfield code="b">WEB</subfield>
		<subfield code="c">GENI</subfield>
		<subfield code="t">0</subfield>
		<subfield code="m">Electronic access</subfield>
		<subfield code="s">01</subfield>
	</datafield>
	<datafield ind1=" " ind2=" " tag="999">
		<subfield code="i">UaCaAUL_b13703857</subfield>
		<subfield code="o">(OCoLC)ocm14348582 </subfield>
		<subfield code="s">auc_aco000480:v.1</subfield>
		<subfield code="s">auc_aco000481:v.2</subfield>
		<subfield code="s">auc_aco000482:v.3</subfield>
		<subfield code="s">auc_aco000483:v.4</subfield>
		<subfield code="s">auc_aco000484:v.5</subfield>
		<subfield code="s">auc_aco000485:v.6</subfield>
		<subfield code="s">auc_aco000486:v.7</subfield>
		<subfield code="s">auc_aco000487:v.8</subfield>
		<subfield code="e">(ERROR-880)</subfield>
	</datafield>
</record>
